Automatically generated by Mendeley Desktop 1.19.4
Any changes to this file will be lost if it is regenerated by Mendeley.

BibTeX export options can be customized via Options -> BibTeX in Mendeley Desktop

@article{article,
author = {Hoppe, Anett and Roxin, Ana and Nicolle, Christophe},
journal = {Economic computation and economic cybernetics studies and research / Academy of Economic Studies},
title = {{Semantic User Profiling for Digital Advertising}},
volume = {49},
year = {2015}
}
@misc{J.Clement2020,
abstract = {A lot of things happen in an internet minute â€“ millions of messages, e-mails and texts are sent, scrolled and uploaded, and hundreds of thousands of hours of content are consumed. In a 2020 internet minute, 404,444 hours of Netflix content are streamed by users worldwide.},
author = {{J. Clement}},
month = {aug},
title = {{User-generated internet content per minute 2020 | Statista}},
url = {https://www.statista.com/statistics/195140/new-user-generated-content-uploaded-by-users-per-minute/},
urldate = {2020-12-09},
year = {2020}
}
